=LDR  01146 am a22003615i 4500
=001  018584028
=003  Uk
=005  20171114102926.0
=007  cr\mn\024mpada
=008  170210s1910\\\\ii\\\\\\s\\\\|000\0|ben\\
=FMT  \\$a  BK
=040  \\$aUk$beng$cUk$erda
=041  \\$aben
=100  1\$aMallika, Indu Mādhaba,$eauthor.
=245  10$aBilāta Bhramaṇa /$cIndu Mādhaba Mallika.
=264  \1$aCalcutta :$bIndian Publishing House,$c1910.
=336  \\$atext$2rdacontent
=337  \\$acomputer$2rdamedia
=338  \\$aonline$2rdacarrier
=500  \\$aTravelogue
=859  \\$aXLD$bDCW
=852  4\$cDRT$jDigital Store 279.33.b.5$aBritish Library$bOC
=CAT  \\$aBATCH-DCW$b00$c20171103$lBLL01$h0210
=CAT  \\$a14527$b40$c20171114$lBLL01$h1028
=CAT  \\$a14527$b40$c20171114$lBLL01$h1029
=FIN  \\$aY$d20171103
=LKR  \\$aPAR$lBLL01$r776$b018220910$mBilāta Bhramaṇa /$nBilāta Bhramaṇa /
=DGM  \\$a018220910$bCatBridge variable field
=DRT  \\$aDCW
=SRC  \\$aDCW$bDCW_20171102
=STA  \\$aSUPPRESSED$bDigital item temporarily embargoed.
=OHC  \\$a1
=LAS  \\$a14527$b40$c20171114$lBLL01$h1029

