=LDR  01313 am a22003975i 4500
=001  018584547
=003  Uk
=005  20200304144833.0
=007  cr\mn\024mpada
=008  170213s1854\\\\ii\\\\\\s\\\\\000\1\ben\\
=FMT  \\$a  BK
=040  \\$aUk$beng$cUk$erda
=041  \\$aben
=100  1\$aDāsa, Gobardhana,$eauthor.
=245  10$aHātem tāi /$cGobardhana Dāsa.
=264  \1$aCalcutta :$bRatnabidyā Press,$c1854.
=300  \\$a306 pages ;$c15.8 x 10 cm, in box 16.1 x 10.5 cm
=336  \\$atext$2rdacontent
=337  \\$acomputer$2rdamedia
=338  \\$aonline$2rdacarrier
=520  \\$aThe story of Hatim Tai; a metrical version of the Persian romance.
=600  00$aḤātim al-Ṭāʾī.
=650  \0$aPersian literature.
=859  \\$aXLD$bDCW
=852  4\$cDRT$jDigital Store 279.34.d.28$aBritish Library$bOC
=CAT  \\$aBATCH-DCW$b00$c20171104$lBLL01$h0212
=CAT  \\$a14528$b40$c20180621$lBLL01$h1453
=CAT  \\$a15389$b40$c20200304$lBLL01$h1448
=FIN  \\$aY$d20171104
=LKR  \\$aPAR$lBLL01$r776$b018224468$mHātem Tāi /$nHātem Tāi /
=DGM  \\$a018224468$bCatBridge variable field
=DRT  \\$aDCW
=SRC  \\$aDCW$bDCW_20171103
=STA  \\$aSUPPRESSED$bDigital item temporarily embargoed.
=OHC  \\$a1
=LAS  \\$a15389$b40$c20200304$lBLL01$h1448

