=LDR  01666 am a22004095i 4500
=001  018584549
=003  Uk
=005  20200901153815.0
=007  cr\mn\024mpada
=008  170213s1912\\\\ii\\\\\\s\\\\|000\j|ben\\
=FMT  \\$a  BK
=040  \\$aUk$beng$cUk$erda
=041  \\$aben
=245  00$aBaṅgera upanyāsa-ratna :$barthāt̲ buddhimattā-prakāśaka sadupadeśapūrṇa kaẏekaṭī manorama galpa /$cPaṇḍita Kālīkṛshṇa Bhaṭṭācāryya karttr̥ka saṅkalita.
=264  \1$aKalikātā :$bBeṅgala meḍikela lāibrerī haite Śrīgurudāsa Caṭṭopādhẏāẏa dvārā prakāśita,$csana 1319 sāl [1912]
=300  \\$a127 pages ;$c18.6 x 12.2 cm, in box 19 x 13.2 cm
=336  \\$atext$2rdacontent
=337  \\$acomputer$2rdamedia
=338  \\$aonline$2rdacarrier
=520  \\$aJewels of stories of Bengal. A collection of short moral stories.
=650  \0$aEthics.
=700  1\$aBhaṭṭācāryya, Kālīkṛshṇa,$eeditor.
=859  \\$aXLD$bDCW
=852  4\$cDRT$jDigital Store 279.35.b.1$aBritish Library$bOC
=CAT  \\$aBATCH-DCW$b00$c20171104$lBLL01$h0212
=CAT  \\$a14527$b40$c20171114$lBLL01$h1029
=CAT  \\$aBATCH-DCW$b00$c20181207$lBLL01$h0209
=CAT  \\$a15389$b40$c20200901$lBLL01$h1538
=FIN  \\$aY$d20171104
=LKR  \\$aPAR$lBLL01$r776$b018224562$mBaṅgera Upanyāsa-Ratna /$nBaṅgera Upanyāsa-Ratna /
=DGM  \\$a018224562$bCatBridge variable field
=DRT  \\$aDCW
=SRC  \\$aDCW$bDCW_20171103
=SRC  \\$aDCW$bDCW_20181206
=STA  \\$aSUPPRESSED$bDigital item temporarily embargoed.
=OHC  \\$a1
=LAS  \\$a15389$b40$c20200901$lBLL01$h1538

