=LDR  01508cam a2200397 i 4500
=001  019165911
=003  Uk
=005  20221102140752.0
=007  cr\mn\024mpada
=008  181128s1877\\\\ii\\\\\\s\\\\\000\1\ben\\
=FMT  \\$a  BK
=040  \\$aUk$beng$cUk$erda
=041  \\$aben$aeng
=042  \\$aukblsr
=100  1\$aMukhopādhyāẏa, Dāmodara,$eauthor.
=245  10$aBimalā :$bākhyāẏikā /$cDāmodara Mukhopādhyāẏa.
=264  \1$aCalcutta:$bRājakīẏa Press,$c1877.
=300  \\$a194 pages ;$c17.7 x 10.6 cm, in box 18.8 x 12 cm
=336  \\$atext$2rdacontent
=337  \\$acomputer$2rdamedia
=338  \\$aonline$2rdacarrier
=520  \\$aNovel. Previously published serially in the periodical 'Jñānāṅkura'; contains a 2 page review of Bankim Chandra Chattopadhyay's novel 'Kapalkundala' published in 'The Calcutta Review' in 1876.
=546  \\$aIn Bengali; last 2 pages in English.
=859  \\$aXLD$bDCW
=852  4\$cDRT$jDigital Store VT 1793(g)$aBritish Library$bOC
=CAT  \\$aBATCH-DCW$b00$c20181207$lBLL01$h0207
=CAT  \\$a15389$b40$c20200206$lBLL01$h1613
=CAT  \\$a8250$b40$c20221102$lBLL01$h1407
=FIN  \\$aY$d20181207
=LKR  \\$aPAR$lBLL01$r776$b019143833$mBimalā : ākhyāẏikā /$nBimalā : ākhyāẏikā /
=DGM  \\$a019143833$bCatBridge variable field
=DRT  \\$aDCW
=SRC  \\$aDCW$bDCW_20181206
=STA  \\$aSUPPRESSED$bErrors in ingested item
=OHC  \\$a1
=LAS  \\$a8250$b40$c20221102$lBLL01$h1407

