=LDR  01725cam a2200421 i 4500
=001  019168663
=003  Uk
=005  20221102140814.0
=007  cr\mn\024mpada
=008  181129s1878\\\\ii\\\\\\s\\\\\000\1\ben\\
=FMT  \\$a  BK
=040  \\$aUk$beng$cUk$erda
=042  \\$aukblsr
=100  1\$aPāla, Dvārakānātha,$eauthor.
=245  10$aSatyanārāẏaṇera Pān̐cālī :$bKṛshña yudhishṭhirera saṃbāda o kalābatīra upākhyāna /$cDvārakānātha Pāla.
=264  \1$aDhaka :$bBāṅgālā Press,$c1878.
=264  \3$a[Dhaka] :$bPrinted by Lachamana Basāka,$c[1878]
=300  \\$a25 pages ;$c19.5 x 11.5 cm, in box 20.5 x 13 cm
=336  \\$atext$2rdacontent
=337  \\$acomputer$2rdamedia
=338  \\$aonline$2rdacarrier
=520  \\$aReligious narratives from the India epic, Mahabharata.
=630  00$aMahābhārata$vAdaptations.
=650  \0$aHindu mythology.
=730  0\$iAdaptation of (work):$aMahābhārata.
=859  \\$aXLD$bDCW
=852  4\$cDRT$jDigital Store VT 2004(f)$aBritish Library$bOC
=CAT  \\$aBATCH-DCW$b00$c20181208$lBLL01$h0202
=CAT  \\$a15389$b40$c20200214$lBLL01$h1301
=CAT  \\$a8250$b40$c20221102$lBLL01$h1408
=FIN  \\$aY$d20181208
=LKR  \\$aPAR$lBLL01$r776$b019145489$mSatyanārāẏaṇera Pān̐cālī : Kṛshña yudhishṭhirera saṃbāda o kalābatīra upākhyāna /$nSatyanārāẏaṇera Pān̐cālī : Kṛshña yudhishṭhirera saṃbāda o kalābatīra upākhyāna /
=DGM  \\$a019145489$bCatBridge variable field
=DRT  \\$aDCW
=SRC  \\$aDCW$bDCW_20181207
=STA  \\$aSUPPRESSED$bErrors in ingested item
=OHC  \\$a1
=LAS  \\$a8250$b40$c20221102$lBLL01$h1408

